%%%%%%%%%%%%%%%%%%%%%%%%%%%%%%%%%%%%%%%%%%%%%%%
%% Diplomityöt
%%

@MastersThesis{parviainen,
  author = {Parviainen, J.},
  title = {{\abbrev{J2EE} Presentation Layer Frameworks}},
  school = {Helsinki University of Technology},
  year = 2006,
  month = {Feb},
  address =  {Espoo, Finland}
}

@MastersThesis{westkamper,
  author = {Westkämper, T.},
  title = {{Architectural models of \abbrev{J2EE} Web tier frameworks}},
  school = {University of Tampere},
  year = 2004,
  month = {May},
  address = {Tampere, Finland}
}



%%%%%%%%%%%%%%%%%%%%%%%%%%%%%%%%%%%%%%%%%%%%%%%%
%% Kirjat 
%%

@Book{applying,
  author = {Larman, C.},
  title = {{Applying {\abbrev{UML}} and Patterns: An Introduction to Object-Oriented Analysis and Design and the Unified Process}},
  publisher = {Prentice-Hall, Inc.},
  edition = 2,
  year = 2002,
  ISBN = {0-13-092569-1}
}

@Book{agilesd,
  author = {Cockburn, A.},
  title = {{Agile Software Development}},
  publisher = {Pearson Education, Inc.},
  year = 2002,
  ISBN = {0-201-69969-9}
}

@Book{agilesdm,
  author = {Abrahamsson, P. and Salo, O. and Ronkainen, J. and Warsta, J.},
  title = {{Agile Software Development Methods - Review and Analysis}},
  publisher = {VTT},
  year = 2002,
  ISBN = {951-38-6009-4}
}


@Book{ooclass,
  author = {Schach, S.R.},
  title = {{Object-Oriented and Classical Software Engineering}},
  publisher = {McGraw-Hill},
  edition = 5,
  year = 2002,
  ISBN = {0-07-112263-X}
} 

@Book{modeling,
  author = {Ambler, S.W.},
  title = {{Agile Modeling: Effective Practices for eXtreme Programming and the Unified Process}},
  publisher = {John Wiley \& Sons, Inc.},
  year = 2002,
  ISBN = {0-471-20282-7}
}

@Book{xpexplained,
  author = {Beck, K.},
  title = {{Extreme Programming Explained: Embrace Change}},
  publisher = {Addison-Wesley},
  year = 2000,
  ISBN = {0201616416}
}

@Book{apmscrum,
  author = {Schwaber, K.},
  title = {{Agile Project Management with Scrum}},
  publisher = {Microsoft Press},
  year = 2003,
  ISBN = {0-7356-1993-X}
}

@Book{questioningxp,
  author = {McBreen, P.},
  title = {{Questioning Extreme Programming}},
  publisher = {Pearson Education, Inc.},
  year = 2003,
  ISBN = {0-201-84457-5}
}

@Book{ossolutions,
  author = {Locke, J.},
  title = {{Open Source Solutions for Small Business Problems}},
  publisher = {Charles River Media, Inc.},
  year = 2004,
  ISBN = {1-58450-320-3}
}

@Book{antipatterns,
  author = {Brown, W.J. and Malveau, R.C. and McCormick III, H.W. and Mowbray, T.J.},
  title = {{AntiPatterns}},
  publisher = {Wiley Computer Publishing},
  year = 1998,
  ISBN = {0-471-19713-0}
}

@Book{ejb,
  author = {Monson-Haefel, R.},
  title = {{Enterprise JavaBeans}},
  publisher = {O'Reilly},
  year = 2001,
  edition = {3rd},
  month = {Sep},
  ISBN = {0-596-00226-2}
}

@Book{j2eednd,
  author = {Johnson, R.},
  title = {{Expert One-on-One: \abbrev{J2EE} Design and Development}},
  publisher = {Wiley Publishing, Inc.},
  year = 2003,
  ISBN = {0-7645-4385-7}
}

@Book{patternj2ee,
  author = {Berry, C.A. and Carnell, J. and Matjaz, B.J. and Kunnumpurath, M.M. and Nashi, N. and Romanosky, S.},
  title = {{\abbrev{J2EE} Design Patterns Applied}},
  publisher = {Wrox Press Ltd.},
  year = 2002,
  ISBN = {1-861005-28-8}
}

@Book{hibernateaction,
  author = {Bauer, C. and King, G.},
  title = {{Hibernate in Action}},
  publisher = {Manning Publications Co.},
  year = 2004,
  month = {Aug},
  ISBN = {1932394-15-X}
}

@Book{masteringstruts,
  author = {Goodwill, J.},
  title = {{Mastering Jakarta Struts}},
  publisher = {Wiley Publishing, Inc.},
  year = 2002,
  ISBN = {0-471-21302-0}
}

@Book{vcsvn,
  author = {Collins-Sussman, B. and Fitzpatrick, B.W. and Pilato, C.M.},
  title = {{Version Control with Subversion}},
  publisher = {O'Reilly Media},
  howpublished = {Internet},
  year = 2006,
  url = {http://svnbook.red-bean.com/},
  note = {Referenced 14.11.2006}
}

@Book{softwareeng,
  author = {Schach, S.R.},
  title = {{Object-Oriented and Classical Software Engineering}},
  publisher = {McGraw-Hill},
  year = 2002,
  edition = {5th},
  ISBN = {0-07-112263-X}
}

@Book{xpapplied,
  author = {Auer, K. and Miller, R.},
  title = {{Extreme Programming Applied: Playing to Win}},
  publisher = {Pearson Education, Inc.},
  year = 2002,
  ISBN = {0-201-61640-8}
}

 
%%%%%%%%%%%%%%%%%%%%%%%%%%%%%%%%%%%%%%%%%%%%%%
%% Artikkelit
%%

@Article{j2eeframeworks,
  author = {Johnson, R.},
  title = {{\abbrev{J2EE} development frameworks}},
  journal = {{\abbrev{IEEE}} Computer},
  volume = 38,
  number = 1,
  year = 2005,
  month = {Jan},
  pages = {107--110}
}

@Article{rapidspring,
  author = {Arthur, J. and Azadegan, S.},
  title = {{Spring framework for rapid open source \abbrev{J2EE} Web application development: a case study}},
  journal = {{\abbrev{IEEE}} Proceedings of the Sixth International Conference on Sofware Engineering, Artificial Intelligence, Networking and Parallel/Distributed Computing and First ACIS International Workshop on Self-Assembling Wireless Networks (SPND/SAWN'05)},
  year = 2005,
  month = {May},
  pages = {90--95},
  DOI = {10.1109/SNPD-SAWN.2005.74}
}

@Article{agileadoption,
  author = {Hodgetts, P.},
  title = {{Refactoring the Development Process: Experiences with the Incremental Adoption of Agile Practices}},
  journal = {Proceedings of the Agile Development Conference (ADC'04)},  
  year = 2004,
  pages = {106--113},
  DOI = {10.1109/ADEVC.2004.17}
}

@Article{betterway,
  author = {Spence, J.W.},
  title = {{There Has to Be a Better Way!}},
  journal = {Agile Conference, 2005. Proceedings},
  year = 2005,
  month = {Jul},
  pages = {272--278},
  DOI = {10.1109/ADC.2005.47}
}

@Article{agilequality,
  author = {Huo, M. and Verner, J. and Zhu, L. and Babar, M.A.},
  title = {{Software Quality and Agile Methods}},
  journal = {Proceedings of the 28th Annual International Computer Software and Applications Conference (COMPSAC'04)},
  year = 2004,
  pages = {520--525},
  DOI = {10.1109/CMPSAC.2004.1342889}
}

@Article{frameworkselection,
  author = {Ahamed, S.I. and Pezewski, Alex and Pezewski, Al},
  title = {{Towards framework selection criteria and suitability for an application framework}},
  journal = {Proceedings of the International Conference on Information Technology: Coding and Computing (ITCC'04)},
  year = 2004,
  pages = {424--428},
  DOI = {10.1109/ITCC.2004.1286492}
}

@Article{patterns3tier,
  author = {Aarsten, A. and Brugali, D. and Menga, G.},
  title = {{Patterns for Three-Tier Client/Server Applications}},
  journal = {Proceedings of the Third Conference on the Pattern Languages of Programs (PLoP'96)},
  year = 1996,
  month = {Sep}
}

@Article{aspectizing,
  author = {Tilevich, E. and Urbanski, S. and Smaragdakis, Y. and Fleury, M.},
  title = {{Aspectizing Server-Side Distribution}},
  journal = {Proceedings of the 18th \abbrev{IEEE} International Conference on Automated Software Engineering (ASE'03)},
  year = 2003,
  month = {Oct},
  pages = {130--141},
  DOI = {10.1109/ASE.2003.1240301}
}

@Article{servicecm,
  author = {Dolstra, E. and Bravenboer, M. and Visser, E.},
  title = {{Service Configuration Management}},
  journal = {Proceedings of the 12th international workshop on Software configuration management SCM '05},
  year = 2005,
  month = {Sep}
}

@Article{versioncontrol,
  author = {Chu-Carroll, M.C. and Shields, D. and Wright, J.},
  title = {{Version Control: A Case Study in the Challenges and Opportunities for Open Source Software Development}},
  journal = {Proceedings of the 2nd Workshop on Open Source Software Engineering},
  year = 2002, 
  month = {May}
}

@Article{usingj2ee,
  author = {Altendorf, E. and Hohman, M. and Zabicki, R.},
  title = {{Using \abbrev{J2EE} on a large, Web-based project}},
  journal = {\abbrev{IEEE} Software},
  volume = 19,
  number = 2,
  year = 2002,
  month = {Mar-Apr},
  pages = {81--89},
  DOI = {10.1109/52.991368}
}

@Article{usingoss,
  author = {Ruffin, M. and Ebert, C.},
  title = {{Using open source software in product development: a primer}},
  journal = {\abbrev{IEEE} software},
  year = 2004,
  month = {Jan-Feb},
  volume = 21,
  number = 1,
  pages = {82--86},
  ISSN = {0740-7459},
  DOI = {10.1109/MS.2004.1259227}
}

@Article{agileinnovation,
  author = {Highsmith, J. and Cockburn, A.},
  title = {{Agile software development: the business of innovation}},
  journal = {Computer},
  year = 2001,
  volume = 34,
  number = 9,
  month = {Sep},
  pages = {120--127},
  DOI = {10.1109/2.947100}
}

@Article{eclipseide,
  author = {Geer, D.},
  title = {{Eclipse becomes the Dominant Java IDE}},
  journal = {\abbrev{IEEE} Computer},
  volume = 38,
  number = 7,
  year = 2005,
  month = {Jul},
  pages = {16--18},
  DOI = {10.1109/MC.2005.228}
}

@Article{strengtheningpair,
  author = {Williams, L. and Kessler, R.R. and Cunningham, W. and Jeffries, R.},
  title = {{Strengthening the Case for Pair Programming}},
  journal = {\abbrev{IEEE} Software},
  year = 2000,
  month = {Jul-Aug},
  volume = 17,
  number = 4,
  pages = {19--25},
  DOI = {10.1109/52.854064}
}

@Article{tddvswaterfall,
  author = {Zhang, L. and Akifuji, S. and Kawai, K. and Morioka, T.}, 
  title = {{Comparison Between Test Driven Development and Waterfall Development in a Small-Scale Project}}, 
  journal = {Proceedings of the 7th International Conference on XP (LNCS 4044)},
  pages = {211--212},
  year = 2006,
  month = {Jun}
}

@Article{legacymvc,
  author = {Ping, Y. and Kontogiannis, K. and Lau, T.C.},
  title = {{Transforming legacy Web applications to the MVC architecture}},
  journal = {Proceedings of the Eleventh Annual International Workshop on Software Technology and Engineering Practice, 2003},
  year = 2003,
  month = {Sep},
  pages = {133--142},
  DOI = {10.1109/STEP.2003.35}
}

@Article{mvcpac,
  author = {Hussey, A. and Carrington, D.},
  title = {{Comparing the MVC and PAC architectures: a formal perspective}},
  journal = {IEE Proceedings - Software Engineering},
  year = 1997,
  volume = 144,
  number = 4,
  pages = {224--236},
  month = {Aug}
}

@Article{dbwebmvc,
  author = {Selfa, D.M. and Carrillo, M. and Del Rocio Boone, M.},
  title = {{A Database and Web Application Based on MVC Architecture}},
  journal = {16th International Conference on Electronics, Communications and Computers (CONIELECOMP 2006)},
  year = 2006,
  month = {Feb},
  DOI = {10.1109/CONIELECOMP.2006.6 }
}

@Article{fweqcomppat,
  author = {Johnson, R.E.},
  title = {{Frameworks = (Components + Patterns)}},
  journal = {Communications of the ACM},
  year = 1997,
  volume = 40,
  number = 10,
  pages = {39--42},
  month = {Oct},
  ISSN = {0001-0782}
}

@Article{compfwpat,
  author = {Johnson, R.E.},
  title = {{Components, Frameworks, Patterns}},
  journal = {Proceedings of the 1997 symposium on Software reusability},
  year = 1997,
  pages = {10--17},
  month = {Feb},
  ISBN = {0-89791-945-9}
}

@Article{exploratoryos,
  author = {Dedrick, J.},
  title = {{An Exploratory Study into Open Source Platform Adaption}},
  journal = {Proceedings of the 37th Hawaii International Conference on System Sciences},
  year = 2004,
  pages = {5--8},
  month = {Jan},
  DOI = {10.1109/HICSS.2004.1265633}
}

@Article{demadingie,
  author = {Stone, A.},
  title = {{Demanding Internet Enterprise}},
  journal = {\abbrev{IEEE} Internet Computing},
  year = 2004,
  volume = 8,
  number = 3,
  pages = {13--14},
  OPTmonth = {May-Jun},
  DOI = {10.1109/MIC.2004.1297267}
}

@Article{integratedarch,
  author = {Bertin, E. and Lesieur, P.},
  title = {{Which architecture for integrated services?}},
  journal = {International conference on Networking and Services, 2006. ICNS '06},
  year = 2006,
  month = {Jul},
  DOI = {10.1109/ICNS.2006.120}
}

@Article{codegenreq,
  author = {Whalen, M.W. and Heimdahl, M.P.E},
  title = {{On the Requirements of High-Integrity Code Generation}},
  journal = {Proceedings of the 4th \abbrev{IEEE} International Symposium on High-Assurance Systems Engineering, 1999},
  year = 1999,
  pages = {217--224},
  month = {Nov},
  DOI = {10.1109/HASE.1999.809497}
}

@Article{exploringcodegen,
  author = {Ngolah, C.F. and Wang, Y.},
  title = {{Exploring Java Code Generation Based on Formal Specifications in RTPA}},
  journal = {Canadian Conference on Electrical and Computer Engineering, 2004},
  year = 2004,
  volume = 3,
  pages = {1533--1536},
  month = {May}
}

@Article{modeltransejb,
  author = {Balogh, A. and Verr{\'o}, G. and Varr{\'o}, D. and Pataricza, D.},
  title = {Compiling model transformations to \abbrev{EJB3}-specific transformer plugins},
  journal = {Proceedings of the 2006 ACM symposium on Applied computing SAC '06},
  year = 2006,
  pages = {1288--1295},
  month = {Apr}  
}

@Article{ant,
  author = {Serrano, N. and Ciordia, I.},
  title = {{Ant: automating the process of building applications}},
  journal = {\abbrev{IEEE} Software},
  year = 2004,
  volume = 21,
  number = 6,
  pages = {89--91},
  month = {Nov-Dec},
  DOI = {10.1109/MS.2004.33}
}

@Article{rapidxp,
  author = {Maurer, F. and Martel, S.},
  title = {{Extreme programming: Rapid development for Web-based applications}},
  journal = {\abbrev{IEEE} Internet Computing},
  year = 2002,
  volume = 6,
  number = 1,
  pages = {86--90},
  month = {Jan-Feb},
  DOI = {10.1109/4236.989006}
}

@Article{scrumprocess,
  author = {Rising, L. and Janoff, N.S.},
  title = {{The Scrum software development process for small teams}},
  journal = {\abbrev{IEEE} Software},
  year = 2000,
  volume = 17,
  number = 4,
  pages = {26--32},
  month = {Jul-Aug},
  DOI = {10.1109/52.854065}
}

@Article{agilescrum,
  author = {Mahnic, V. and Drnovscek, S.},
  title = {{Agile Software Project Management with Scrum}},
  journal = {EUNIS 2005 Conference Programme},
  howpublished = {Internet},
  year = 2005,
  month = {Jun},
  url = {http://www.mc.manchester.ac.uk/eunis2005/medialibrary/papers/paper_194.pdf},
  note = {Referenced 22.11.2006}
}

@Article{evaluatingxp,
  title = {{Toward a Framework for Evaluating Extreme Programming}},
  author = {Williams, L. and Krebs, W. and Layman, L. and Ant{\'o}n, A.},
  journal = {Proceedings of the Eighth International Conference on Empirical Assessment in Software Engineering (EASE 04)},
  year = 2004
}

@Article{xpevaluationfw,
  title = {{Extreme Programming Evaluation Framework for Object-Oriented Languages -- Version 1.2}},
  author = {Williams, L. and Krebs, W. and Layman, L.},
  journal = {North Carolina State University, Raleigh, NC Computer Science TR-2004-1, January},
  volume = 5,
  year = 2004
}

@Article{oodmetrics,
  author = {Chidamber, S.R. and Kemerer, C.F.},
  title = {{A metrics suite for object oriented design}},
  journal = {\abbrev{IEEE} Transactions on Software Engineering},
  year = 1994,
  volume = 20,
  number = 6,
  pages = {476--493},
  month = {Jun}
}

@Article{oodmetricscomment,
  author = {Churcher, N.I. and Shepperd, M.J. and Chidamber, S. and Kemerer, C.F.},
  title = {{Comments on "a metrics suite for object oriented design"}},
  journal = {\abbrev{IEEE} Transactions on Software Engineering},
  year = 1995,
  volume = 21,
  number = 3,
  pages = {263--265},
  month = {Mar}
}

@Article{ckanalysis,
  author = {Subramanyam, R. and Krishnan, M.S.},
  title = {{Empirical analysis of CK metrics for object-oriented design complexity: implications for software defects}},
  journal = {\abbrev{IEEE} Transactions on Software Engineering},
  year = 2003,
  volume = 29,
  number = 4,
  pages = {297--310},
  month = {Apr},
  DOI = {10.1109/TSE.2003.1191795}
}



%%%%%%%%%%%%%%%%%%%%%%%%%%%%%%%%%%%%%%%%%%%%%%
%% Tekniset raportit
%%

@TechReport{advancedwebdevel,
  title = {{Advanced software development for Web applications (TSW0505)}},
  author = {Casal, D.},
  institution = {\abbrev{JISC} Technology and Standards Watch},
  month = {Dec},
  year = 2005,
  url = {http://www.jisc.ac.uk/uploaded_documents/jisctsw_05_05pdf.pdf},
  note = {Referenced 19.9.2006}
}



%%%%%%%%%%%%%%%%%%%%%%%%%%%%%%%%%%%%%%%%%%%%%%
%% Nettisivut
%%
%%

@Misc{manifesto,
  author = {Beck, K. and Beedle, M. and Bennekum, A. van and Cockburn, A. and Cunningham, W. and Fowler, M. and Grenning, J. and Highsmith, J. and Hunt, A. and Jeffries, R. and Kern, J. and Marick, B. and Martin, R.C. and Mellor, S. and Schwaber, K. and Sutherland, J. and Thomas, D.},
  title = {{Manifesto for Agile Software Development}},
  howpublished = {Internet},
  year = 2001,
  url = {http://www.agilemanifesto.org/},
  note = {Referenced 20.9.2006}
}

@Misc{agilealliance,
  key = {AgileAlliance},
  title = {{Agile Alliance}},
  howpublished = {Internet},
  year = 2006,
  url = {http://www.agilealliance.org/},
  note = {Referenced 26.11.2006}
}

@Misc{jsppractices,
  author = {Mahmoud, Q.H.},
  title = {{Servlets and \abbrev{JSP} Pages Best Practices}},
  howpublished = {Sun Developer Network (SDN)},
  month = {Mar},
  year = 2003,
  url = {http://java.sun.com/developer/technicalArticles/javaserverpages/servlets_jsp/index.html},
  note = {Referenced 6.11.2006}
}

@Misc{osi,
  key = {OSI}, 
  title = {{Open Source Initiative}},
  year = 2006,
  url = {http://www.opensource.org/},
  note = {Referenced 10.10.2006}
}

@Misc{rtfmetric, 
  author = {Jeffries, R.},
  title = {{A Metric Leading to Agility}},
  howpublished = {Internet},
  year = 2004,
  month = {Jun},
  url = {http://www.xprogramming.com/xpmag/jatRtsMetric.htm},
  note = {Referenced 10.10.2006}
}

@Misc{apache,
  key = {Apache}, 
  title = {{Apache HTTP Server}},
  year = 2006,
  url = {http://httpd.apache.org/},
  note = {Referenced 6.11.2006}
}

@Misc{websurvey,
  author = {Netcraft},
  title = {{Web Server Survey}},
  year = 2006,
  month = {Nov},
  url = {http://news.netcraft.com/archives/2006/11/01/november_2006_web_server_survey.html},
  note = {Referenced 6.11.2006}
}

@Misc{struts,
  key = {Struts}, 
  title = {{Apache Struts}},
  year = 2006,
  url = {http://struts.apache.org/},
  note = {Referenced 2.11.2006}
}

@Misc{hibernate,
  key = {Hibernate}, 
  title = {{Hibernate}},
  year = 2006,
  url = {http://www.hibernate.org/},
  note = {Referenced 2.11.2006}
}

@Misc{eclipse,
  key = {Eclipse}, 
  title = {{Eclipse - an open development platform}},
  year = 2006,
  url = {http://www.eclipse.org/},
  note = {Referenced 2.11.2006}
}

@Misc{xdoclet1,
  key = {XDoclet1}, 
  title = {{XDoclet: Attribute-Oriented Programming}},
  year = 2005,
  url = {http://xdoclet.sourceforge.net/xdoclet/index.html},
  note = {Referenced 2.11.2006}
}

@Misc{xdoclet2,
  key = {XDoclet2}, 
  title = {{XDoclet2}},
  year = 2006,
  url = {http://xdoclet.codehaus.org/},
  note = {Referenced 2.11.2006}
}

@Misc{corej2eepat,
  author = {Sun Developer Network},
  key = {Sun},
  title = {{Core \abbrev{J2EE} Patterns}},
  howpublished = {Internet},
  year = {2001-2002},
  url = {http://java.sun.com/blueprints/corej2eepatterns/Patterns/index.html},
  note = {Referenced 14.11.2006}
}

@Misc{commons,
  key = {Commons},
  howpublished = {Internet},
  title = {{Jakarta Commons}},
  year = 2006,
  url = {http://jakarta.apache.org/commons/},
  note = {Referenced 14.11.2006}
}

@Misc{spring,
  key = {Spring},
  title = {{Spring Framework}},
  howpublished = {Internet},
  year = 2006,
  url = {http://www.springframework.org/},
  note = {Referenced 14.11.2006}
}

@Misc{springintro,
  author = {Johnson, R.},
  title = {{Introduction to the Spring Framework}},
  howpublished = {Internet},
  month = {May},
  year = 2005,
  url = {http://www.theserverside.com/tt/articles/article.tss?l=SpringFramework},
  note = {Referenced 14.11.2006}  
}

@Misc{mavenintro,
  author = {Smart, J.F.},
  title = {{An introduction to Maven 2 - How applied best practices can optimize the Java build process}},
  howpublished = {Internet},
  month = {May},
  year = 2005,
  url = {http://www.javaworld.com/javaworld/jw-12-2005/jw-1205-maven.html?lsrc=maven-users},
  note = {Referenced 14.11.2006}
}

@Misc{maven,
  key = {Maven},
  title = {{Apache Maven}},
  howpublished = {Internet},
  year = 2006,
  url = {http://maven.apache.org/},
  note = {Referenced 14.11.2006}
}

@Misc{cvs,
  key = {CVS},
  title = {{CVS Wiki}},
  howpublished = {Internet},
  year = 2006,
  url = {http://ximbiot.com/cvs/wiki/},
  note = {Referenced 14.11.2006}
}

@Misc{svn,
  key = {Subversion},
  title = {{Subversion}},
  howpublished = {Internet},
  year = 2006,
  url = {http://subversion.tigris.org/},
  note = {Referenced 14.11.2006}
}

@Misc{javaee,
  key = {JavaEE},
  title = {{Java EE at a Glance}},
  howpublished = {Internet},
  year = 2006,
  url = {http://java.sun.com/javaee/},
  note = {Referenced 15.11.2006}
}

@Misc{scrum,
  key = {Scrum},
  title = {{Control Chaos: Scrum}},
  howpublished = {Internet},
  year = {2006},
  url = {http://www.controlchaos.com/},
  note = {Referenced 22.11.2006}
}

@Misc{aopmetrics,
  key = {AOPMetrics},
  title = {{\abbrev{AOP} Metrics: Common metrics suite tool for Java and AspectJ}},
  howpublished = {Internet},
  year = 2006,
  url = {http://aopmetrics.tigris.org/},
  note = {Referenced 24.11.2006}
}

@Misc{mccabe,
  author = {VanDoren, E.},
  title = {{Cyclomatic Complexity}},
  howpublished = {Internet},
  month = {Jan},
  year = {1997},
  url = {http://www.sei.cmu.edu/str/descriptions/cyclomatic_body.html},
  note = {Referenced 27.11.2006}
}

